 @misc{ wiki:makro,
	AUTHOR = "Wikipedia",
	TITLE = "Makro --- Wikipedia{,} Die freie Enzyklop√§die",
	YEAR = "2017",
	URL = "\url{https://de.wikipedia.org/w/index.php?title=Makro&oldid=170851773}",
	NOTE = "[Online; Stand 17. Dezember 2017]"
}