@misc{ wiki:environment,
   author = "Wikibooks",
   title = "{L}a{T}e{X}-{W}Ã¶rterbuch: {U}mgebung --- {W}ikibooks{,} {D}ie freie {B}ibliothek",
   year = "2015",
   url = "https://de.wikibooks.org/w/index.php?title=LaTeX-W%C3%B6rterbuch:_Umgebung&oldid=767559",
   note = "[Online; abgerufen am 17. {D}ezember 2017]"
 }

@misc{ wiki:macros,
   author = "Wikibooks",
   title = "LaTeX/Macros --- Wikibooks{,} The Free Textbook Project",
   year = "2017",
   url = "https://en.wikibooks.org/w/index.php?title=LaTeX/Macros&oldid=3351699",
   note = "[Online; accessed 31-December-2017]"
 }

@misc{ so:xparse,
  author = "Werner (https://tex.stackexchange.com/users/5764/werner)",
  title = "xparse: {D}efine new command with multiple optional parameters",
  year = "2011",
  url = "https://tex.stackexchange.com/a/33753/151654",
  note = "[Online; Revision 0; abgerufen am 17. {D}ezember 2017]"
}

